<record><leader>00000cas a22000007a 4500</leader><controlfield tag="001">8814627</controlfield><controlfield tag="008">820928d18701882ksuwr ne      0    0eng  </controlfield><controlfield tag="009">466</controlfield><datafield ind1=" " ind2=" " tag="010"><subfield code="a">sn 82015840 </subfield></datafield><datafield ind1=" " ind2=" " tag="040"><subfield code="a">DLC</subfield><subfield code="b">eng</subfield><subfield code="c">DLC</subfield><subfield code="d">NPT</subfield><subfield code="d">NPX</subfield><subfield code="d">OCL</subfield><subfield code="d">DLC</subfield></datafield><datafield ind1=" " ind2=" " tag="019"><subfield code="a">12212598</subfield><subfield code="a">12228758</subfield><subfield code="a">12228769</subfield></datafield><datafield ind1="1" ind2=" " tag="029"><subfield code="a">AU@</subfield><subfield code="b">000025834428</subfield></datafield><datafield ind1=" " ind2=" " tag="042"><subfield code="a">msc</subfield></datafield><datafield ind1="0" ind2="0" tag="050"><subfield code="a">Newspaper 7869</subfield></datafield><datafield ind1="0" ind2=" " tag="130"><subfield code="a">Kansas Democrat (Oswego, Kan.)</subfield></datafield><datafield ind1="0" ind2="4" tag="245"><subfield code="a">The Kansas Democrat.</subfield></datafield><datafield ind1="0" ind2="0" tag="246"><subfield code="a">Kansas Democrat and farmers' advocate</subfield></datafield><datafield ind1="0" ind2="0" tag="246"><subfield code="a">Weekly state press</subfield></datafield><datafield ind1=" " ind2=" " tag="260"><subfield code="a">Oswego, Kan. :</subfield><subfield code="b">W.P. Bennett,</subfield><subfield code="c">1870-</subfield></datafield><datafield ind1=" " ind2=" " tag="300"><subfield code="a">v. :</subfield><subfield code="b">ill. ;</subfield><subfield code="c">50-55 cm.</subfield></datafield><datafield ind1=" " ind2=" " tag="310"><subfield code="a">Weekly</subfield></datafield><datafield ind1="0" ind2=" " tag="362"><subfield code="a">Vol. 1, no. 1 (May 26, 1870)-</subfield></datafield><datafield ind1="1" ind2=" " tag="362"><subfield code="a">Ceased in 1882?</subfield></datafield><datafield ind1=" " ind2=" " tag="500"><subfield code="a">Published as: Kansas Democrat and farmers' advocate, Feb. 14, 1873-Jan. 30, 1874; Weekly state press, Jan. 6-&lt;Feb. 17,&gt; 1882.</subfield></datafield><datafield ind1=" " ind2=" " tag="500"><subfield code="a">Published at Oswego, Kan, May 26-Nov. 17, 1870; at Independence, Kan., Feb. 2, 1871-Feb. 7, 1873; at Topeka, Kan., &lt;1875&gt;-1882.</subfield></datafield><datafield ind1=" " ind2=" " tag="500"><subfield code="a">Publishers: D.M. Harris, July 15-Aug. 26, 1872; T.W. Peacock, Sept. 5, 1872-Apr. 18, 1873; Peacock &amp; Sons, Apr. 25, 1873-May 6, 1881; J.B. Fugate, May 13-Sept. 30, 1881; Fugate &amp; Chapman, Oct. 7-Dec. 30, 1881; State Press Pub. Co., Jan. 6-Feb. 17, 1882.</subfield></datafield><datafield ind1=" " ind2=" " tag="515"><subfield code="a">Suspended with Nov. 17, 1870 issue; resumed with Feb. 2, 1871 issue. Suspended with July 27, 1871 issue; resumed with Oct. 23, 1871 issue.</subfield></datafield><datafield ind1=" " ind2=" " tag="752"><subfield code="a">United States</subfield><subfield code="b">Kansas</subfield><subfield code="c">Shawnee</subfield><subfield code="d">Topeka.</subfield></datafield><datafield ind1=" " ind2=" " tag="752"><subfield code="a">United States</subfield><subfield code="b">Kansas</subfield><subfield code="c">Labette</subfield><subfield code="d">Oswego.</subfield></datafield><datafield ind1=" " ind2=" " tag="752"><subfield code="a">United States</subfield><subfield code="b">Kansas</subfield><subfield code="c">Montgomery</subfield><subfield code="d">Independence.</subfield></datafield><datafield ind1="0" ind2="0" tag="785"><subfield code="t">Topeka weekly Democrat</subfield><subfield code="w">(DLC)sn 82015839</subfield></datafield></record>